@article{pearson_1901, title={On lines and planes of closest fit to systems of points in space}, volume={2}, DOI={10.1080/14786440109462720}, number={11}, journal={The London, Edinburgh, and Dublin Philosophical Magazine and Journal of Science}, author={Pearson, Karl}, year={1901}, pages={559–572}}

@article{hotelling_1933, title={Analysis of a complex of statistical variables into principal components.}, volume={24}, DOI={10.1037/h0071325}, number={6}, journal={Journal of Educational Psychology}, author={Hotelling, H.}, year={1933}, pages={417–441}}

@article{forgy_1965, title={Cluster Analysis of Multivariate Data: Efficiency versus Interpretability of Classifications}, volume={21}, journal={Biometrics}, author={Forgy, E.}, year={1965}, pages={768–780}}

@article{lloyd_1982, title={Least squares quantization in PCM}, volume={28}, DOI={10.1109/tit.1982.1056489}, number={2}, journal={IEEE Transactions on Information Theory}, author={Lloyd, S.}, year={1982}, pages={129–137}}

@article{dyer_frieze_1985, title={A simple heuristic for the P-centre problem}, volume={3}, DOI={10.1016/0167-6377(85)90002-1}, number={6}, journal={Operations Research Letters}, author={Dyer, M.E and Frieze, A.M}, year={1985}, pages={285–288}}

@article{milligan_cooper_1988, title={A study of standardization of variables in cluster analysis}, volume={5}, DOI={10.1007/bf01897163}, number={2}, journal={Journal of Classification}, author={Milligan, Glenn W. and Cooper, Martha C.}, year={1988}, pages={181–204}}

@article{ostrovsky_rabani_schulman_swamy_2012, title={The effectiveness of Lloyd-type methods for the K-means problem}, volume={59}, DOI={10.1145/2395116.2395117}, number={6}, journal={Journal of the ACM}, author={Ostrovsky, Rafail and Rabani, Yuval and Schulman, Leonard J. and Swamy, Chaitanya}, year={2012}, pages={1–22}}

@article{arthur_vassilvitskii_2007, title={K-means++: the advantages of careful seeding}, volume={18}, journal={SODA '07: Proceedings of the eighteenth annual ACM-SIAM symposium on Discrete algorithms}, author={Arthur, D. and Vassilvitskii, S.}, year={2007}, pages={1027–1035}}

@article{pedregosa__et_al_2011, series={85}, title={Scikit-learn: Machine Learning in Python}, volume={12}, journal={Journal of Machine Learning Research}, author={Pedregosa, Fabian and Varoquaux, Ga{{\"e}}l and Gramfort, Alexandre and Michel, Vincent and Thirion, Bertrand and Grisel, Olivier and Blondel, Mathieu and Prettenhofer, Peter and Weiss, Ron and Dubourg, Vincent and et al.}, year={2011}, pages={2825–2830}, collection={85}}

@article{celebi_kingravi_vela_2013, title={A comparative study of efficient initialization methods for the K-means clustering algorithm}, volume={40}, DOI={10.1016/j.eswa.2012.07.021}, number={1}, journal={Expert Systems with Applications}, author={Celebi, M. Emre and Kingravi, Hassan A. and Vela, Patricio A.}, year={2013}, pages={200–210}}